<record><leader>00000cas a22000007a 4500</leader><controlfield tag="001">14918651</controlfield><controlfield tag="008">861203c19479999txudn ne      0    0eng d</controlfield><datafield ind1=" " ind2=" " tag="010"><subfield code="a">sn 86090309 </subfield></datafield><datafield ind1=" " ind2=" " tag="040"><subfield code="a">PPM</subfield><subfield code="b">eng</subfield><subfield code="c">PPM</subfield><subfield code="d">OCLCQ</subfield></datafield><datafield ind1=" " ind2=" " tag="019"><subfield code="a">23715714</subfield></datafield><datafield ind1=" " ind2=" " tag="042"><subfield code="a">msc</subfield></datafield><datafield ind1="0" ind2=" " tag="130"><subfield code="a">Sherman Democrat (Sherman, Tex.)</subfield></datafield><datafield ind1="1" ind2="0" tag="245"><subfield code="a">Sherman Democrat.</subfield></datafield><datafield ind1=" " ind2=" " tag="260"><subfield code="a">Sherman, Tex. :</subfield><subfield code="b">Red River Valley Pub. Co.</subfield></datafield><datafield ind1=" " ind2=" " tag="300"><subfield code="a">v. :</subfield><subfield code="b">ill. ;</subfield><subfield code="c">58 cm.</subfield></datafield><datafield ind1=" " ind2=" " tag="310"><subfield code="a">Daily (except Sat.)</subfield></datafield><datafield ind1="0" ind2=" " tag="362"><subfield code="a">Vol. 69, no. 92 (Nov. 30, 1947)-</subfield></datafield><datafield ind1=" " ind2=" " tag="752"><subfield code="a">United States</subfield><subfield code="b">Texas</subfield><subfield code="c">Grayson</subfield><subfield code="d">Sherman.</subfield></datafield><datafield ind1="0" ind2="0" tag="780"><subfield code="t">Sherman daily Democrat</subfield><subfield code="w">(DLC)sn 87089239</subfield></datafield></record>